<record><leader>00000cas a2200000 a 4500</leader><controlfield tag="001">27110825</controlfield><controlfield tag="008">921211c19829999iluwr ne      0   a0eng c</controlfield><datafield ind1=" " ind2=" " tag="010"><subfield code="a">sn 92054687 </subfield></datafield><datafield ind1=" " ind2=" " tag="040"><subfield code="a">NVF</subfield><subfield code="b">eng</subfield><subfield code="c">NVF</subfield><subfield code="d">OCLCQ</subfield><subfield code="d">NVF</subfield><subfield code="d">OCLCQ</subfield><subfield code="d">OCLCF</subfield><subfield code="d">OCLCO</subfield><subfield code="d">NVF</subfield></datafield><datafield ind1=" " ind2=" " tag="042"><subfield code="a">pcc</subfield></datafield><datafield ind1=" " ind2=" " tag="043"><subfield code="a">n-us-il</subfield></datafield><datafield ind1="0" ind2=" " tag="130"><subfield code="a">Spokesman (Herrin, Ill.)</subfield></datafield><datafield ind1="1" ind2="4" tag="245"><subfield code="a">The spokesman.</subfield></datafield><datafield ind1=" " ind2=" " tag="260"><subfield code="a">Herrin, Ill. ;</subfield><subfield code="a">Carterville, Ill. ;</subfield><subfield code="a">Johnston City, Ill. :</subfield><subfield code="b">Spokesman Pub. Co.,</subfield><subfield code="c">1982-</subfield></datafield><datafield ind1=" " ind2=" " tag="300"><subfield code="a">volumes</subfield></datafield><datafield ind1=" " ind2=" " tag="310"><subfield code="a">Weekly</subfield></datafield><datafield ind1="0" ind2=" " tag="362"><subfield code="a">Vol. 81, no. 6 (Feb. 10, 1982)-</subfield></datafield><datafield ind1=" " ind2=" " tag="515"><subfield code="a">Continues the numbering of Williamson County observer (Herrin, Ill. : Herrin spokesman ed.).</subfield></datafield><datafield ind1=" " ind2=" " tag="580"><subfield code="a">Formed by the union of: Williamson County observer (Herrin, Ill. : Herrin spokesman ed.), and: Williamson County observer (Carterville, Ill. : Carterville herald ed.), and: Williamson County observer (Johnston City, Ill. : Johnston City progress ed.).</subfield></datafield><datafield ind1=" " ind2="0" tag="651"><subfield code="a">Herrin (Ill.)</subfield><subfield code="v">Newspapers.</subfield></datafield><datafield ind1=" " ind2="0" tag="651"><subfield code="a">Carterville (Ill.)</subfield><subfield code="v">Newspapers.</subfield></datafield><datafield ind1=" " ind2="0" tag="651"><subfield code="a">Johnston City (Ill.)</subfield><subfield code="v">Newspapers.</subfield></datafield><datafield ind1=" " ind2="0" tag="651"><subfield code="a">Williamson County (Ill.)</subfield><subfield code="v">Newspapers.</subfield></datafield><datafield ind1=" " ind2="7" tag="651"><subfield code="a">Illinois</subfield><subfield code="z">Carterville.</subfield><subfield code="2">fast</subfield><subfield code="0">(OCoLC)fst01216964</subfield></datafield><datafield ind1=" " ind2="7" tag="651"><subfield code="a">Illinois</subfield><subfield code="z">Herrin.</subfield><subfield code="2">fast</subfield><subfield code="0">(OCoLC)fst01217742</subfield></datafield><datafield ind1=" " ind2="7" tag="651"><subfield code="a">Illinois</subfield><subfield code="z">Johnston City.</subfield><subfield code="2">fast</subfield><subfield code="0">(OCoLC)fst01203179</subfield></datafield><datafield ind1=" " ind2="7" tag="651"><subfield code="a">Illinois</subfield><subfield code="z">Williamson County.</subfield><subfield code="2">fast</subfield><subfield code="0">(OCoLC)fst01214871</subfield></datafield><datafield ind1=" " ind2="7" tag="655"><subfield code="a">Newspapers.</subfield><subfield code="2">fast</subfield><subfield code="0">(OCoLC)fst01423814</subfield></datafield><datafield ind1=" " ind2=" " tag="752"><subfield code="a">United States</subfield><subfield code="b">Illinois</subfield><subfield code="c">Williamson County</subfield><subfield code="d">Herrin.</subfield></datafield><datafield ind1=" " ind2=" " tag="752"><subfield code="a">United States</subfield><subfield code="b">Illinois</subfield><subfield code="c">Williamson County</subfield><subfield code="d">Carterville.</subfield></datafield><datafield ind1=" " ind2=" " tag="752"><subfield code="a">United States</subfield><subfield code="b">Illinois</subfield><subfield code="c">Williamson County</subfield><subfield code="d">Johnston City.</subfield></datafield><datafield ind1="1" ind2="4" tag="780"><subfield code="t">Williamson County observer (Herrin, Ill. : Herrin spokesman ed.)</subfield><subfield code="w">(DLC)sn 92054686</subfield><subfield code="w">(OCoLC)27110732</subfield></datafield><datafield ind1="1" ind2="4" tag="780"><subfield code="t">Williamson County observer (Carterville, Ill. : Carterville herald ed.)</subfield></datafield><datafield ind1="1" ind2="4" tag="780"><subfield code="t">Williamson County observer (Johnston City, Ill. : Johnston City progress ed.)</subfield><subfield code="w">(DLC)sn2006061007</subfield><subfield code="w">(OCoLC)68917879</subfield></datafield><datafield ind1="1" ind2=" " tag="029"><subfield code="a">AU@</subfield><subfield code="b">000020746678</subfield></datafield></record>